@inproceedings{wang2009effective,
  title={An Effective Similarity Propagation Model for Matching Ontologies without Sufficient or Regular Linguistic Information},
  author={Wang, Peng and Xu, Baowen},
  booktitle={The 4th Asian Semantic Web Conference (ASWC2009), Shanghai, China},
  year={2009}
}

@article{wang2012debugging,
  title={Debugging ontology mappings: a static approach},
  author={Wang, Peng and Xu, Baowen},
  journal={Computing and Informatics},
  volume={27},
  number={1},
  pages={21--36},
  year={2012}
}

@inproceedings{yang2014ontology,
  title={Ontology Matching Tuning Based on Particle Swarm Optimization: Preliminary Results},
  author={Yang, Pan and Wang, Peng and Ji, Li and Chen, Xingyu and Huang, Kai and Yu, Bin},
  booktitle={Chinese Semantic Web and Web Science Conference},
  pages={146--155},
  year={2014},
  organization={Springer}
}

@inproceedings{lily_oaei2018,
  author    = {Yezhou Tang and
               Peng Wang and
               Zhe Pan and
               Huan Liu},
  title     = {Lily results for {OAEI} 2018},
  booktitle = {Proceedings of the 13th International Workshop on Ontology Matching
               co-located with the 17th International Semantic Web Conference, OM@ISWC
               2018, Monterey, CA, USA, October 8, 2018.},
  pages     = {179--186},
  year      = {2018},
  timestamp = {Tue, 28 May 2019 16:23:25 +0200},
}

@inproceedings{lily_oaei2016,
  author    = {Peng Wang and
               Wenyu Wang},
  title     = {Lily results for {OAEI} 2016},
  booktitle = {Proceedings of the 11th International Workshop on Ontology Matching
               co-located with the 15th International Semantic Web Conference {(ISWC}
               2016), Kobe, Japan, October 18, 2016.},
  pages     = {178--184},
  year      = {2016},
  timestamp = {Tue, 28 May 2019 16:23:24 +0200},
}

@inproceedings{lily_oaei2015,
  author    = {Wenyu Wang and
               Peng Wang},
  title     = {Lily results for {OAEI} 2015},
  booktitle = {Proceedings of the 10th International Workshop on Ontology Matching
               collocated with the 14th International Semantic Web Conference {(ISWC}
               2015), Bethlehem, PA, USA, October 12, 2015.},
  pages     = {162--170},
  year      = {2015},
  timestamp = {Tue, 28 May 2019 16:23:25 +0200},
}

@inproceedings{lily_oaei2011,
  author    = {Peng Wang},
  title     = {Lily results on {SEALS} platform for {OAEI} 2011},
  booktitle  = {Proceedings of the 6th International Workshop on Ontology Matching,
               Bonn, Germany, October 24, 2011},
  year      = {2011},
  timestamp = {Tue, 28 May 2019 16:23:24 +0200},
}

@inproceedings{lily_oaei2009,
  author    = {Peng Wang and
               Baowen Xu},
  title     = {Lily: Ontology Alignment Results for {OAEI} 2009},
  booktitle = {Proceedings of the 4th International Workshop on Ontology Matching
               {(OM-2009)} collocated with the 8th International Semantic Web Conference
               {(ISWC-2009)} Chantilly, USA, October 25, 2009},
  year      = {2009},
  timestamp = {Tue, 28 May 2019 16:23:25 +0200},
}

@inproceedings{lily_oaei2008,
  author    = {Peng Wang and
               Baowen Xu},
  title     = {Lily: Ontology Alignment Results for {OAEI} 2008},
  booktitle = {Proceedings of the 3rd International Workshop on Ontology Matching
               {(OM-2008)} Collocated with the 7th International Semantic Web Conference
               (ISWC-2008), Karlsruhe, Germany, October 26, 2008},
  year      = {2008},
  timestamp = {Tue, 28 May 2019 16:23:25 +0200},
}

@inproceedings{lily_oaei2007,
  author    = {Peng Wang and
               Baowen Xu},
  title     = {{LILY:} the Results for the Ontology Alignment Contest {OAEI} 2007},
  booktitle = {Proceedings of the 2nd International Workshop on Ontology Matching
               {(OM-2007)} Collocated with the 6th International Semantic Web Conference
               {(ISWC-2007)} and the 2nd Asian Semantic Web Conference (ASWC-2007),
               Busan, Korea, November 11, 2007},
  year      = {2007},
  timestamp = {Tue, 28 May 2019 16:23:25 +0200},
}

@inproceedings{lom_redanc,
  author    = {Peng Wang and
               Yuming Zhou and
               Baowen Xu},
  title     = {Matching Large Ontologies Based on Reduction Anchors},
  booktitle = {{IJCAI} 2011, Proceedings of the 22nd International Joint Conference
               on Artificial Intelligence, Barcelona, Catalonia, Spain, July 16-22,
               2011},
  pages     = {2343--2348},
  year      = {2011},
  timestamp = {Tue, 20 Aug 2019 16:16:04 +0200},
}

@article{subgraph,
  title={Extracting semantic subgraphs to capture the real meanings of ontology elements},
  author={Wang, Peng and Xu, Baowen and Zhou, Yuming},
  journal={Tsinghua Science and Technology},
  volume={15},
  number={6},
  pages={724--733},
  year={2010},
  publisher={TUP}
}